@Book{xie2015,
  title = {Dynamic Documents with {R} and knitr},
  author = {Yihui Xie},
  publisher = {Chapman and Hall/CRC},
  address = {Boca Raton, Florida},
  year = {2015},
  edition = {2nd},
  note = {ISBN 978-1498716963},
  url = {http://yihui.name/knitr/},
}
@Book{fisher1925,
  title = {Statistical Methods for Research Workers.},
  author = {Ronald Fisher},
  publisher = {Oliver and Boyd},
  address = {Edinburgh, Tweeddale Court},
  year = {1925},
  edition = {1st},
}

